@article{haar,
author = {Haar, A.},
journal = {Mathematische Annalen},
pages = {331-371},
title = {Zur Theorie der orthogonalen Funktionensysteme. (Erste Mitteilung).},
url = {http://eudml.org/doc/158469},
volume = {69},
year = {1910},
}